@inproceedings{geiger_tadgan:_2020,
	title = {{TadGAN}: Time Series Anomaly Detection using {G}enerative {A}dversarial {N}etworks},
        booktitle={2020 IEEE Intl Conference on Big Data (Big Data)},
	isbn = {9781728162515},
	doi = {10.1109/bigdata50022.2020.9378139},
	author = {Geiger, Alexander and Liu, Dongyu and Alnegheimish, Sarah and Veeramachaneni, Kalyan and Cuesta-Infante, Alfredo},
	month = dec,
	year = 2020
}

@article{ji_novel_2021,
	title = {A {Novel} {Deep} {Learning} {Approach} for {Anomaly} {Detection} of {Time} {Series} {Data}},
	volume = {2021},
	doi = {10.1155/2021/6636270},
	journal = {Scientific Programming},
	author = {Ji, Zhiwei and Gong, Jiaheng and Feng, Jiarui},
	month = jul,
	year = {2021},
	pages = {1--11}
}

@inproceedings{laptev_generic_2015,
   author =	{Laptev, Nikolay and Amizadeh, Saeed and Flint, Ian},
   title =	{Generic and {Scalable} {Framework} for {Automated} {Time}-series {Anomaly} {Detection}},
   booktitle =	{Proc. of the 21th ACM SIGKDD Intl Conf. on Knowledge Discovery and Data Minining (KDD '15)}, 
   isbn =	{9781450336642},
   doi =	{10.1145/2783258.2788611},
   month =	aug,
   year =	2015
}

@article{zhou_anomaly_2021,
	title = {Anomaly detection via a combination model in time series data},
	volume = {51},
	doi = {10.1007/s10489-020-02041-3},
	number = {7},
	urldate = {2024-12-25},
	journal = {Applied Intelligence},
	author = {Zhou, Yanjun and Al-Ahmari, Abdulrahman M and Li, Zhiwu and Wu, Naiqi and Ren, Huorong},
	month = jan,
	year = {2021}
}

@article{audibert_deep_2022,
	title = {Do deep neural networks contribute to multivariate time series anomaly detection?},
	volume = {132},
	doi = {10.1016/j.patcog.2022.108945},
	journal = {Pattern Recognition},
	author = {Audibert, Julien and Michiardi, Pietro and Guyard, Fr{\' e}d{\' e}ric and Marti, S{\' e}bastien and Zuluaga, Maria A},
	month = jul,
	year = {2022}
}

@article{choi_deep_2021,
	title = {Deep {Learning} for {Anomaly} {Detection} in {Time}-{Series} {Data}: {Review}, {Analysis}, and {Guidelines}},
	volume = {9},
	doi = {10.1109/access.2021.3107975},
	journal = {IEEE Access},
	author = {Choi, Kukjin and Yoon, Sungroh and Yi, Jihun and Park, Changhwa},
	month = jan,
	year = {2021}
}

@misc{yuan2024novelddpmbasedensembleapproach,
      title={A Novel {DDPM}-based Ensemble Approach for Energy Theft Detection in Smart Grids}, 
      author={Xun Yuan and Yang Yang and Asif Iqbal and Prosanta Gope and Biplab Sikdar},
      year={2024},
      howpublished={arXiv 2307.16149 [cs.LG]},
      doi = {10.48550/arXiv.2307.16149}
}

@Article{s23052844,
AUTHOR = {Belay, Mohammed Ayalew and Blakseth, Sindre Stenen and Rasheed, Adil and Salvo Rossi, Pierluigi},
TITLE = {Unsupervised Anomaly Detection for IoT-Based Multivariate Time Series: Existing Solutions, Performance Analysis and Future Directions},
JOURNAL = {Sensors},
VOLUME = {23},
YEAR = {2023},
NUMBER = {5},
URLx = {https://www.mdpi.com/1424-8220/23/5/2844},
DOI = {10.3390/s23052844}
}

@ARTICLE{8926446,
  author={Cook, Andrew A. and M{\i}s{\i}rl{\i}, G{\" o}ksel and Fan, Zhong},
  journal={IEEE Internet of Things Journal}, 
  title={Anomaly Detection for IoT Time-Series Data: A Survey}, 
  year={2020},
  volume={7},
  number={7},
  pages={6481-6494},
  keywords={Anomaly detection;Sensors;Monitoring;Internet of Things;Data analysis;Performance evaluation;Urban areas;Anomaly detection;data analysis;Internet of Things (IoT);survey},
  doi={10.1109/JIOT.2019.2958185}
}

@misc{DBLP:journals/corr/abs-2004-00433,
  author       = {Mohammad Braei and Sebastian Wagner},
  title        = {Anomaly Detection in Univariate Time-series: {A} Survey on the State-of-the-Art},
  howpublished = {arXiv 2004.00433},
  year         = {2020},
  doi          = {10.48550/arXiv.2004.00433}
}

@article{HILAL2022116429,
title = {Financial Fraud: A Review of Anomaly Detection Techniques and Recent Advances},
journal = {Expert Systems with Applications},
volume = {193},
year = {2022},
issn = {0957-4174},
doi = {10.1016/j.eswa.2021.116429},
urlx = {https://www.sciencedirect.com/science/article/pii/S0957417421017164},
author = {Waleed Hilal and S. Andrew Gadsden and John Yawney},
keywords = {Anomaly, Outlier, Anomaly detection, Outlier detection, Machine learning, Deep learning, Financial fraud, Credit card fraud, Insurance fraud, Securities and commodities fraud, Insider trading, Money laundering}
}

@ARTICLE{9523565,
  author={Choi, Kukjin and Yi, Jihun and Park, Changhwa and Yoon, Sungroh},
  journal={IEEE Access}, 
  title={Deep Learning for Anomaly Detection in Time-Series Data: Review, Analysis, and Guidelines}, 
  year={2021},
  volume={9},
  keywords={Anomaly detection;Time series analysis;Guidelines;Deep learning;Data models;Biological system modeling;Time factors;Anomaly detection;deep learning;fault diagnosis;industry applications;Internet-of-Things (IoT);time series analysis},
  doi={10.1109/ACCESS.2021.3107975}
}

@article{10.14778/3538598.3538602,
author = {Schmidl, Sebastian and Wenig, Phillip and Papenbrock, Thorsten},
title = {Anomaly detection in time series: a comprehensive evaluation},
year = {2022},
issue_date = {May 2022},
publisher = {VLDB Endowment},
volume = {15},
number = {9},
issn = {2150-8097},
doi = {10.14778/3538598.3538602},
journal = {Proc. VLDB Endow.},
month = may,
pages = {1779--1797},
numpages = {19}
}

@article{MEJRI2024124922,
title = {Unsupervised anomaly detection in time-series: An extensive evaluation and analysis of state-of-the-art methods},
journal = {Expert Systems with Applications},
volume = {256},
year = {2024},
issn = {0957-4174},
doi = {10.1016/j.eswa.2024.124922},
urlx = {https://www.sciencedirect.com/science/article/pii/S0957417424017895},
author = {Nesryne Mejri and Laura Lopez-Fuentes and Kankana Roy and Pavel Chernakov and Enjie Ghorbel and Djamila Aouada},
keywords = {Time-series, Unsupervised anomaly detection, Evaluation study}
}

@article{SGUEGLIA2022170,
title = {A systematic literature review of IoT time series anomaly detection solutions},
journal = {Future Generation Computer Systems},
volume = {134},
pages = {170-186},
year = {2022},
issn = {0167-739X},
doi = {10.1016/j.future.2022.04.005},
urlx = {https://www.sciencedirect.com/science/article/pii/S0167739X22001285},
author = {Arnaldo Sgueglia and Andrea {Di Sorbo} and Corrado Aaron Visaggio and Gerardo Canfora},
keywords = {IoT, Internet of Things, Anomaly detection, Time series},
}

@article{10.1145/3444690,
author = {Bl\'{a}zquez-Garc\'{\i}a, Ane and Conde, Angel and Mori, Usue and Lozano, Jose A.},
title = {A Review on Outlier/Anomaly Detection in Time Series Data},
year = {2021},
issue_date = {April 2022},
publisher = {Association for Computing Machinery},
address = {New York, NY, USA},
volume = {54},
number = {3},
issn = {0360-0300},
urlx = {https://doi.org/10.1145/3444690},
doi = {10.1145/3444690},
journal = {ACM Comput. Surv.},
month = apr,
articleno = {56},
numpages = {33},
keywords = {Outlier detection, anomaly detection, data mining, software, taxonomy, time series}
}

@article{HOJJATI2024106106,
title = {Self-supervised anomaly detection in computer vision and beyond: A survey and outlook},
journal = {Neural Networks},
volume = {172},
year = {2024},
issn = {0893-6080},
doi = {10.1016/j.neunet.2024.106106},
urlx = {https://www.sciencedirect.com/science/article/pii/S0893608024000200},
author = {Hadi Hojjati and Thi Kieu Khanh Ho and Narges Armanfard},
keywords = {Anomaly detection, Self-supervised learning, Contrastive learning, Representation learning}
}

@ARTICLE{10744017,
  author={Duja, Kashaf U. and Khan, Izhar Ahmed and Alsuhaibani, Mohammed},
  journal={IEEE Access}, 
  title={Video Surveillance Anomaly Detection: A Review on Deep Learning Benchmarks}, 
  year={2024},
  volume={12},
  keywords={Feature extraction;Real-time systems;Reviews;Hidden Markov models;Cameras;Streams;Anomaly detection;Neural networks;Behavioral sciences;Optical flow;Deep learning;Deep learning;convolution neural network (CNN);video surveillance anomaly detection (VSAD);state-of-the-art (SOTA) approaches;learning models;datasets},
  doi={10.1109/ACCESS.2024.3491868}
}

@Article{aerospace6110117,
AUTHOR = {Basora, Luis and Olive, Xavier and Dubot, Thomas},
TITLE = {Recent Advances in Anomaly Detection Methods Applied to Aviation},
JOURNAL = {Aerospace},
VOLUME = {6},
YEAR = {2019},
NUMBER = {11},
ARTICLE-NUMBER = {117},
URLx = {https://www.mdpi.com/2226-4310/6/11/117},
DOI = {10.3390/aerospace6110117}
}

@InProceedings{10.1007/978-3-030-73100-7_60,
author="Shaukat, Kamran
and Alam, Talha Mahboob
and Luo, Suhuai
and Shabbir, Shakir
and Hameed, Ibrahim A.
and Li, Jiaming
and Abbas, Syed Konain
and Javed, Umair",
editor="Arai, Kohei",
title="A Review of Time-Series Anomaly Detection Techniques: A Step to Future Perspectives",
booktitle="Advances in Information and Communication",
year="2021",
publisher={Springer}
}

@article{10.1145/3691338,
author = {Zamanzadeh Darban, Zahra and Webb, Geoffrey I. and Pan, Shirui and Aggarwal, Charu and Salehi, Mahsa},
title = {Deep Learning for Time Series Anomaly Detection: A Survey},
year = {2024},
issue_date = {January 2025},
publisher = {Association for Computing Machinery},
address = {New York, NY, USA},
volume = {57},
number = {1},
issn = {0360-0300},
urlx = {https://doi.org/10.1145/3691338},
doi = {10.1145/3691338},
journal = {ACM Comput. Surv.},
month = oct,
keywords = {Anomaly detection, outlier detection, time series, deep learning, multivariate time series, univariate time series}
}

@INPROCEEDINGS{8079887,
  author={Wu, Hu-Sheng},
  booktitle={2016 13th International Computer Conference on Wavelet Active Media Technology and Information Processing (ICCWAMTIP)}, 
  title={A survey of research on anomaly detection for time series}, 
  year={2016},
  volume={},
  number={},
  pages={426-431},
  keywords={Anomaly detection;Time series analysis;Data models;Clustering algorithms;Algorithm design and analysis;Predictive models;Time series;anomaly detection;big data;data mining;multivariate time series},
  doi={10.1109/ICCWAMTIP.2016.8079887}
}

@book{basseville1993detection,
  author = {Mich{\` e}le Basseville and Igor V. Nikiforov},
  title = {Detection of Abrupt Changes: Theory and Application},
  year = {1993},
  publisher = {Prentice-Hall},
  address = {Englewood Cliffs, NJ},
  isbn = {0-13-126780-9}
}

@misc{ncss2024,
  author = {NCSS Statistical Software},
  title = {CUSUM Charts},
  howpublished = {Online source},
  note = {Last accessed: November 2024},
  url = {https://www.ncss.com/wp-content/themes/ncss/pdf/Procedures/NCSS/CUSUM_Charts.pdf}
}

@article{nelson1984shewhart,
  author = {Lloyd S. Nelson},
  title = {The Shewhart Control Chart---Tests for Special Causes},
  journal = {Journal of Quality Technology},
  volume = {16},
  number = {4},
  pages = {237-239},
  year = {1984},
  doi = {10.1080/00224065.1984.11978921}
}

@article{koshti2011cusum,
  author = {Vijay Koshti},
  title = {Cumulative sum control chart},
  journal = {International Journal of Physics and Mathematical Sciences},
  year = {2011},
  issn = {2277-2111}
}

@inproceedings{artyushenko2021modeling,
  author = {V. M. Artyushenko and V. I. Volovach},
  title = {Modeling the Algorithm of Cumulative Sums in the Applied Problems of Detecting the Signals with Random Time of Occurrence in non-Gaussian Noise},
  booktitle = {2021 Systems of Signals Generating and Processing in the Field of on Board Communications},
  year = {2021},
  pages = {1-5},
  address = {Moscow, Russia},
  doi = {10.1109/IEEECONF51389.2021.9416051}
}

@inproceedings{volovach2021detection,
  author = {V. I. Volovach and V. M. Artyushenko},
  title = {Detection of Signals with a Random Moment of Occurrence Using the Cumulative Sum Algorithm},
  booktitle = {2021 Systems of Signals Generating and Processing in the Field of on Board Communications},
  year = {2021},
  pages = {1-6},
  address = {Moscow, Russia},
  doi = {10.1109/IEEECONF51389.2021.9415982}
}

@article{tam2009theoretical,
  author = {D. Tam},
  title = {A Theoretical Analysis of Cumulative Sum Slope (CUSUM-Slope) Statistic for Detecting Signal Onset (begin) and Offset (end) Trends from Background Noise Level},
  journal = {The Open Mathematics, Statistics and Probability Journal},
  year = {2009},
  month = {June}
}

@article{yi2021adaptive,
  author = {Fan Yi and Peihua Qiu},
  title = {An adaptive {CUSUM} chart for drift detection},
  journal = {Quality and Reliability Engineering International},
  volume = {38},
  year = {2021},
  doi = {10.1002/qre.3020}
}

@inproceedings{sebastiao2017supporting,
  author = {R. Sebasti{\~ a}o and J. M. Fernandes},
  title = {Supporting the Page-Hinkley test with empirical mode decomposition for change detection},
  booktitle = {International Symposium on Methodologies for Intelligent Systems},
  pages = {492-498},
  year = {2017},
  publisher = {Springer, Cham},
}

@article{mouss2004test,
  author = {Hayet Mouss and M.Djamel Mouss and Kinza Mouss and Linda Sefouhi},
  title = {Test of {P}age-{H}inckley, an approach for fault detection in an agro-alimentary production system},
  journal = {Proceedings of the 5th International Symposium on Automation and Control},
  volume = {2},
  pages = {815-818},
  year = {2004},
  doi = {10.1109/ASCC.2004.184970},
}

@misc{ali2023understanding,
  author = {Moez Ali},
  title = {Understanding Data Drift and Model Drift: Drift detection in {P}ython},
  howpublished = {Online source},
  month = {January},
  year = {2023},
  url = {https://www.datacamp.com/tutorial/understanding-data-drift-model-drift},
  note = {Last accessed: November 2024},
}

@incollection{joyce2011kullback,
  author = {James Joyce},
  title = {Kullback-Leibler Divergence},
  booktitle = {Encyclopedia of Complexity and Systems Science},
  pages = {3373-3381},
  year = {2011},
  publisher = {Springer},
  doi = {10.1007/978-3-642-04898-2_327},
}

@misc{shlens2014notes,
  author = {Jonathon Shlens},
  title = {Notes on Kullback-Leibler Divergence and Likelihood Theory},
  year = {2014},
  note = {Online source},
}

@article{vanerven2014renyi,
  author = {T. van Erven and P. Harremos},
  title = {R{\' e}nyi Divergence and Kullback-Leibler Divergence},
  journal = {IEEE Transactions on Information Theory},
  volume = {60},
  number = {7},
  pages = {3797-3820},
  year = {2014},
  doi = {10.1109/TIT.2014.2320500}
}

@inproceedings{hershey2007approximating,
  author = {J. R. Hershey and P. A. Olsen},
  title = {Approximating the Kullback Leibler Divergence Between Gaussian Mixture Models},
  booktitle = {2007 IEEE International Conference on Acoustics, Speech and Signal Processing - ICASSP '07},
  pages = {IV-317-IV-320},
  year = {2007},
  doi = {10.1109/ICASSP.2007.366913},
}

@article{bro2014principal,
  author = {R. Bro and A. K. Smilde},
  title = {Principal component analysis},
  journal = {Analytical Methods},
  volume = {6},
  number = {9},
  pages = {2812-2831},
  year = {2014},
  doi = {10.1039/c3ay41907j},
}

@article{abdi2010principal,
  author = {Herv{\' e} Abdi and Lynne Williams},
  title = {Principal Component Analysis},
  journal = {Wiley Interdisciplinary Reviews: Computational Statistics},
  volume = {2},
  pages = {433-459},
  year = {2010},
  doi = {10.1002/wics.101},
}

@article{jolliffe2016principal,
  author = {Ian T. Jolliffe and Jorge Cadima},
  title = {Principal component analysis: a review and recent developments},
  journal = {Philosophical Transactions of the Royal Society A: Mathematical, Physical and Engineering Sciences},
  volume = {374},
  number = {2065},
  year = {2016},
  doi = {10.1098/rsta.2015.0202},
}

@inproceedings{shao2014prototype,
  author = {Junming Shao and Zahra Ahmadi and Stefan Kramer},
  title = {Prototype-based learning on concept-drifting data streams},
  booktitle = {Proceedings of the 2014 ACM SIGKDD International Conference on Knowledge Discovery and Data Mining {(KDD '14)}},
  year = {2014},
  doi = {10.1145/2623330.2623609}
}

@inproceedings{bifet2007learning,
  author = {Albert Bifet and Ricard Gavald{\` a}},
  title = {Learning from Time-Changing Data with Adaptive Windowing},
  booktitle = {Proceedings of the 7th SIAM International Conference on Data Mining},
  year = {2007},
  pages = {42},
  doi = {10.1137/1.9781611972771.42}
}

@article{sun2016online,
  author = {Y. Sun and Z. Wang and H. Liu and C. Du and J. Yuan},
  title = {Online Ensemble Using Adaptive Windowing for Data Streams with Concept Drift},
  journal = {International Journal of Distributed Sensor Networks},
  volume = {12},
  number = {5},
  year = {2016},
  doi = {10.1155/2016/4218973}
}

@InCollection{Lee_2021,
   author={Lee, Ming-Chang and Lin, Jia-Chun and Gran, Ernst Gunnar},   
   title={How Far Should We Look Back to Achieve Effective Real-Time Time-Series Anomaly Detection?},
   ISBN={9783030751005},
   ISSN={2367-3389},
   urlx={http://dx.doi.org/10.1007/978-3-030-75100-5_13},
   year={2021},
   doi={10.1007/978-3-030-75100-5_13},
   booktitle={Advanced Information Networking and Applications},
   publisher={Springer}
}
