
@inproceedings{2020_ICML_simple,
  title={A simple framework for contrastive learning of visual representations},
  author={Chen, Ting and Kornblith, Simon and Norouzi, Mohammad and Hinton, Geoffrey},
  booktitle={International conference on machine learning},
  pages={1597--1607},
  year={2020},
  organization={PMLR}
}

@inproceedings{2018_CVPR_unsupervised,
  title={Unsupervised feature learning via non-parametric instance discrimination},
  author={Wu, Zhirong and Xiong, Yuanjun and Yu, Stella X and Lin, Dahua},
  booktitle={Proceedings of the IEEE conference on computer vision and pattern recognition},
  pages={3733--3742},
  year={2018}
}


@inproceedings{2016_CVPR_ResNet,
    author = "He, K. and Zhang, X. and Ren, S. and Sun, J.",
    booktitle = "{Proceedings of the IEEE Conference on Computer Vision and Pattern Recognition (CVPR)}",
    title = "{Deep Residual Learning for Image Recognition}",
    pages={770--778},
    year = "2016"
}

@inproceedings{2016_ICLR_VGG,
    author = "{Simonyan, Karen and Zisserman, Andrew}",
    booktitle = "{Proceedings of the International Conference on Learning Representations (ICLR 2015)}",
    title = "{Very deep convolutional networks for large-scale image recognition}",
    pages={1--14},
    year = "2015"
}

@inproceedings{2015_ICLRw_VRAE,
    author = "{Fabius, Otto and Van Amersfoort, Joost R}",
    booktitle = "{Workshop contriution at International Conference on Learning Representations (ICLR 2015)}",
    title = "{Variational recurrent auto-encoders}",
    year = "2015"


@article{scikit-learn,
  title={Scikit-learn: Machine Learning in {P}ython},
  author={Pedregosa, F. and Varoquaux, G. and Gramfort, A. and Michel, V.
          and Thirion, B. and Grisel, O. and Blondel, M. and Prettenhofer, P.
          and Weiss, R. and Dubourg, V. and Vanderplas, J. and Passos, A. and
          Cournapeau, D. and Brucher, M. and Perrot, M. and Duchesnay, E.},
  journal={Journal of Machine Learning Research},
  volume={12},
  pages={2825--2830},
  year={2011}
}

@article{JMLR:v21:20-091,
  author  = {Romain Tavenard and Johann Faouzi and Gilles Vandewiele and 
             Felix Divo and Guillaume Androz and Chester Holtz and 
             Marie Payne and Roman Yurchak and Marc Ru{\ss}wurm and 
             Kushal Kolar and Eli Woods},
  title   = {Tslearn, A Machine Learning Toolkit for Time Series Data},
  journal = {Journal of Machine Learning Research},
  year    = {2020},
  volume  = {21},
  number  = {118},
  pages   = {1-6},
  url     = {http://jmlr.org/papers/v21/20-091.html}
}


@article{2000_physiobank_ECG5000,
  title={PhysioBank, PhysioToolkit, and PhysioNet: components of a new research resource for complex physiologic signals},
  author={Goldberger, Ary L and Amaral, Luis AN and Glass, Leon and Hausdorff, Jeffrey M and Ivanov, Plamen Ch and Mark, Roger G and Mietus, Joseph E and Moody, George B and Peng, Chung-Kang and Stanley, H Eugene},
  journal={circulation},
  volume={101},
  number={23},
  pages={e215--e220},
  year={2000},
  publisher={Am Heart Assoc}
}

@article{2015_ACM_ecg5000InitialPaper,
  title={A general framework for never-ending learning from time series streams},
  author={Chen, Yanping and Hao, Yuan and Rakthanmanon, Thanawin and Zakaria, Jesin and Hu, Bing and Keogh, Eamonn},
  journal={Data mining and knowledge discovery},
  volume={29},
  pages={1622--1664},
  year={2015},
  publisher={Springer}
}


@article{2022_IEEE_tsmae,
  title={Tsmae: a novel anomaly detection approach for internet of things time series data using memory-augmented autoencoder},
  author={Gao, Honghao and Qiu, Binyang and Barroso, Ramon J Duran and Hussain, Walayat and Xu, Yueshen and Wang, Xinheng},
  journal={IEEE Transactions on network science and engineering},
  volume={10},
  number={5},
  pages={2978--2990},
  year={2022},
  publisher={IEEE}
}

@article{2022_IEEE_lightweight,
  title={Lightweight neural architecture search for temporal convolutional networks at the edge},
  author={Risso, Matteo and Burrello, Alessio and Conti, Francesco and Lamberti, Lorenzo and Chen, Yukai and Benini, Luca and Macii, Enrico and Poncino, Massimo and Pagliari, Daniele Jahier},
  journal={IEEE Transactions on Computers},
  volume={72},
  number={3},
  pages={744--758},
  year={2022},
  publisher={IEEE}
}


@article{2019_IEEE_ucr,
  title={The UCR time series archive},
  author={Dau, Hoang Anh and Bagnall, Anthony and Kamgar, Kaveh and Yeh, Chin-Chia Michael and Zhu, Yan and Gharghabi, Shaghayegh and Ratanamahatana, Chotirat Ann and Keogh, Eamonn},
  journal={IEEE/CAA Journal of Automatica Sinica},
  volume={6},
  number={6},
  pages={1293--1305},
  year={2019},
  publisher={IEEE}
}


@inproceedings{2023_Springer_TSandXAI,
  title={A deep dive into perturbations as evaluation technique for time series XAI},
  author={Schlegel, Udo and Keim, Daniel A},
  booktitle={World Conference on Explainable Artificial Intelligence},
  pages={165--180},
  year={2023},
  organization={Springer}
}


@article{2024_IEEE_gmtpm,
  title={GMTPM: A General Multitask Pretrained Model for Electricity Data in Various Scenarios},
  author={Zhou, Siying and Wang, Chaohui and Wang, Fei},
  journal={IEEE Transactions on Industrial Informatics},
  year={2024},
  publisher={IEEE}
}

@article{2020_IEEE_fastee,
  title={FastEE: fast ensembles of elastic distances for time series classification},
  author={Tan, Chang Wei and Petitjean, Fran{\c{c}}ois and Webb, Geoffrey I},
  journal={Data Mining and Knowledge Discovery},
  volume={34},
  number={1},
  pages={231--272},
  year={2020},
  publisher={Springer}
}

@inproceedings{2016_SEKE_time,
  title={Time series classification with discrete wavelet transformed data: Insights from an empirical study},
  author={Li, Daoyuan and Bissyande, Tegawend{\'e} Fran{\c{c}}ois D Assise and Klein, Jacques and Le Traon, Yves},
  booktitle={The 28th international conference on software engineering and knowledge engineering (SEKE 2016)},
  year={2016}
}


@inproceedings{2021_ICML_voice2series,
  title={Voice2series: Reprogramming acoustic models for time series classification},
  author={Yang, Chao-Han Huck and Tsai, Yun-Yun and Chen, Pin-Yu},
  booktitle={International conference on machine learning},
  pages={11808--11819},
  year={2021},
  organization={PMLR}
}


@article{2022_arxiv_hypertime,
  title={Hypertime: Implicit neural representation for time series},
  author={Fons, Elizabeth and Sztrajman, Alejandro and El-Laham, Yousef and Iosifidis, Alexandros and Vyetrenko, Svitlana},
  journal={arXiv preprint arXiv:2208.05836},
  year={2022}
}

@inproceedings{2023_Springer_deep,
  title={A deep dive into perturbations as evaluation technique for time series XAI},
  author={Schlegel, Udo and Keim, Daniel A},
  booktitle={World Conference on Explainable Artificial Intelligence},
  pages={165--180},
  year={2023},
  organization={Springer}
}




@article{2019_arxiv_cinn,
  title={Guided image generation with conditional invertible neural networks},
  author={Ardizzone, Lynton and L{\"u}th, Carsten and Kruse, Jakob and Rother, Carsten and K{\"o}the, Ullrich},
  journal={arXiv preprint arXiv:1907.02392},
  year={2019}
}


@article{1998_IEEE_MNIST,
  title={Gradient-based learning applied to document recognition},
  author={LeCun, Yann and Bottou, L{\'e}on and Bengio, Yoshua and Haffner, Patrick},
  journal={Proceedings of the IEEE},
  volume={86},
  number={11},
  pages={2278--2324},
  year={1998},
  publisher={Ieee}
}



@software{freia,
  author = {Ardizzone, Lynton and Bungert, Till and Draxler, Felix and KÃ¶the, Ullrich and Kruse, Jakob and Schmier, Robert and Sorrenson, Peter},
  title = {{Framework for Easily Invertible Architectures (FrEIA)}},
  year = {2018-2022},
  url = {https://github.com/vislearn/FrEIA}
}