@book{basseville1993detection,
  author = {Michèle Basseville and Igor V. Nikiforov},
  title = {Detection of Abrupt Changes: Theory and Application},
  year = {1993},
  publisher = {Prentice-Hall},
  address = {Englewood Cliffs, NJ},
  isbn = {0-13-126780-9}
}

@misc{ncss2024,
  author = {NCSS Statistical Software},
  title = {CUSUM Charts},
  howpublished = {Online source},
  note = {Last accessed: November 2024},
  url = {https://www.ncss.com/wp-content/themes/ncss/pdf/Procedures/NCSS/CUSUM_Charts.pdf}
}

@article{nelson1984shewhart,
  author = {Lloyd S. Nelson},
  title = {The Shewhart Control Chart—Tests for Special Causes},
  journal = {Journal of Quality Technology},
  volume = {16},
  number = {4},
  pages = {237-239},
  year = {1984},
  doi = {10.1080/00224065.1984.11978921}
}

@article{koshti2011cusum,
  author = {Vijay Koshti},
  title = {Cumulative sum control chart},
  journal = {International Journal of Physics and Mathematical Sciences},
  year = {2011},
  issn = {2277-2111}
}

@inproceedings{artyushenko2021modeling,
  author = {V. M. Artyushenko and V. I. Volovach},
  title = {Modeling the Algorithm of Cumulative Sums in the Applied Problems of Detecting the Signals with Random Time of Occurrence in non-Gaussian Noise},
  booktitle = {2021 Systems of Signals Generating and Processing in the Field of on Board Communications},
  year = {2021},
  pages = {1-5},
  address = {Moscow, Russia},
  doi = {10.1109/IEEECONF51389.2021.9416051}
}

@inproceedings{volovach2021detection,
  author = {V. I. Volovach and V. M. Artyushenko},
  title = {Detection of Signals with a Random Moment of Occurrence Using the Cumulative Sum Algorithm},
  booktitle = {2021 Systems of Signals Generating and Processing in the Field of on Board Communications},
  year = {2021},
  pages = {1-6},
  address = {Moscow, Russia},
  doi = {10.1109/IEEECONF51389.2021.9415982}
}

@article{tam2009theoretical,
  author = {D. Tam},
  title = {A Theoretical Analysis of Cumulative Sum Slope (CUSUM-Slope) Statistic for Detecting Signal Onset (begin) and Offset (end) Trends from Background Noise Level},
  journal = {The Open Mathematics, Statistics and Probability Journal},
  year = {2009},
  month = {June}
}

@article{yi2021adaptive,
  author = {Fan Yi and Peihua Qiu},
  title = {An adaptive CUSUM chart for drift detection},
  journal = {Quality and Reliability Engineering International},
  volume = {38},
  year = {2021},
  doi = {10.1002/qre.3020}
}
